 @book{Krizhevsky2012,
    author      = "Krizhevsky,A. and Sutskever,I. and Hinton,G.",
    title = "ImageNet Classification with Deep Convolutional Neural Networks",
    booktitle = "Advances in Neural Information Processing Systems 25",
    editor = "F. Pereira and C. J. C. Burges and L. Bottou and K. Q. Weinberger",
    pages = "1097--1105",
    year = "2012",
    publisher = "Curran Associates, Inc.",
    url = "http://papers.nips.cc/paper/4824-imagenet-classification-with-deep-convolutional-neural-networks.pdf"
}

@article{Hai2014,
    author      = "Hai Nguyen,T.",
    title       = "Morphological Classification for Traffic Sign Recognition",
    journal     = "Faculty of Electrical and Electronic Engineering",
    year        = "2014",
    volume      = "4",
    number      = "2",
    pages       = "36--44",
    DOI         = "10.5923/j.eee.20140402.03",
    url         = "http://article.sapub.org/pdf/10.5923.j.eee.20140402.03.pdf"
}


@article{Hannan2014,
  author="M. A. Hannan and S. B. Wali and T. J. Pin and A. Hussain and S. A. Samad",
  title = "Traffic Sign Classification based on Neural Network for Advance Driver Assistance System",
  journal = "Przeglad Elektrotechniczny",
  volume = "R. 90, nr 11",
  year = "2014",
  pages = "169--172"
    
}


@book{VicenBueno2007,
author="Vicen-Bueno, R.
and Torijano-Gordo, E.
and Gil-Pita, R.
and Rosa-Zurera, M.",

title="Traffic Sign Classification by Image Preprocessing and Neural Networks",
bookTitle="Computational and Ambient Intelligence: 9th International Work-Conference on Artificial Neural Networks, IWANN 2007, San Sebastian, Spain, June 20-22, 2007. Proceedings",
year="2007",
publisher="Springer Berlin Heidelberg",
address="Berlin, Heidelberg",
pages="741--748",
isbn="978-3-540-73007-1",
doi="10.1007/978-3-540-73007-1_89",
url="https://doi.org/10.1007/978-3-540-73007-1_89"
}


@article{Mrinal2016,
    author      = "Mrinal,H.",
    title       = "Traffic Sign Classification Using Deep Inception Based Convolutional Networks",
    journal     ="International Journal of Information Technology and Computer Science(IJITCS)",
    year        ="2016",
    volume      ="2"
}



@article{Ayuque2016,
  author      = "Ayuque Arenas, K. J. M.",
  title       = "Diseño de un sistema de clasificación de señales de tránsito vehicular utilizando redes neuronales convolucionales",
  journal     ="Universidad San Ignacio de Loyola",
  year  = "2016"
  
}

@article{Vargas2015,
  author      = "Vargas Romero,F.",
  title       = "Implementación de un Sistema Inteligente para el Reconocimiento de Señales Preventivas de Seguridad vial",
  journal     ="Universidad Nacional de Trujillo",
  year  = "2015"
  
}



@article{Rocha2010,
  author      = "Rocha,C. and Escorcia,G. ",
  title       = "Sistema de Visión Artificial para la Detección y el Reconocimiento de Señales de Tráfico basado en Redes Neuronales",
  journal     ="Eighth LACCEI Latin American and Caribbean Conference for Engineering and Technology (LACCEI)",
  year  = "2010"
  
}






@article{Zisserman2015,
    author      = "Simonyan,K. and Zisserman,A.",
    title       = "Very Deep Convolutional Networks For Large Scale Image Recognition",
    journal     ="ICLR 2015",
    year        ="2015",
    volume      ="6"
    
}



@MISC{OPS,
  author =   "Cordova Rampant,A.",
  title =    "Los peruanos mueren más por los accidentes de tránsito que por la inseguridad ciudadana",
  howpublished = "http://rpp.pe/data/los-peruanos-mueren-mas-por-los-accidentes-de-transito-1071653",
  year =     "2017",
  month = "august",
  note = "[Online; accesado Octubre 10, 2018]"
}

@MISC{FCL,
  author =   "SuperDataScienceTeam",
  title =    "Convolutional Neural Networks (Cnn): Step 4 - Full Connection",
  howpublished = "https://www.superdatascience.com/blogs/convolutional-neural-networks-cnn-step-4-full-connection",
  year =     "2018",
  month = "august",
  note = "[Online; accesado Octubre 11, 2018]"
}

@MISC{OMS,
  author =   "OMS",
  title =    "Organización Mundial de la Salud - 10 datos sobre la seguridad vial en el mundo",
  howpublished = "http://www.who.int/features/factfiles/roadsafety/es/",
  year =     "2017",
  month = "july",
  note = "[Online; accesado Agosto 23, 2018]",
}

@MISC{CNN,
  author =   "Waze",
  title =    "Las mejores y peores ciudades para conducir en América Latina, según Waze",
  howpublished = "http://cnnespanol.cnn.com/2016/09/15/las-mejores-y-peores-ciudades",
  year =     "2016",
  note = "[Online; accesado Julio 23, 2018]",
}

@MISC{RPPData,
  author =   "Romero Benites, R.",
  title =    "Ocho peruanos mueren cada día en accidentes de tránsito",
  howpublished = "http://rpp.pe/data/ocho-peruanos-mueren-cada-dia-en-accidentes-de-transito-1068532",
  year =     "2017",
  month = "august",
  note = "[Online; accesado Julio 23, 2018]"
}

@MISC{SUTRAN,
author= "SUTRAN",
title="TEXTO UNICO ORDENADO DEL REGLAMENTO NACIONAL DE TRANSITO - CODIGO DE TRANSITO",
url="http://www.sutran.gob.pe/wp-content/uploads/2015/08/D_-NRO_016-2009-MTC_AL_05.05.14.pdf",
year="2014",
publisher="Ministerio de Transportes y Comunicaciones",
pages="188",
note = "[Online; accesado Octubre 16, 2018]"
}


@MISC{CNSV,
author="Consejo Nacional de Seguridad Vial,.",
title="La Seguridad Vial a Nivel Mundial",
publisher="Ministerio de Transportes y Comunicaciones",
pages="48",
howpublished="https://www.mtc.gob.pe/cnsv/documentos/PONENCIA%20DE%20SEGURIDAD%20VIAL.pdf",
year = "2014",
note = "[Online; accesado Noviembre 23, 2018]"
}


@misc{Gestion1,
  author =   "Diario Gestión.pe",
  title =    "Seguridad vial en Perú: Nueve indicadores a mejorar para evitar accidentes",
  howpublished = "https://gestion.pe/economia/seguridad-vial-peru-21756832",
  pusblisher = "Gestion.pe - Grupo El Comercio",
  note = "[Online; accesado Agosto 08, 2018]",
  year =     "2016"
}

@misc{Gestion2,
  author =   "Diario Gestión.pe",
  title =    "Accidentes de tránsito: Dos propuestas para aumentar la seguridad vial y reducir muertes",
  howpublished = "https://gestion.pe/economia/accidentes-transito-dos-propuestas-2175696",
  pusblisher = "Gestion.pe - Grupo El Comercio",
  note = "[Online; accesado Agosto 08, 2018]",
  year =     "2016"
}


@INPROCEEDINGS{Stallkamp2012,
title = "Man vs. computer: Benchmarking machine learning algorithms for traffic sign recognition",
journal = "Neural Networks",
year = "2012",
issn = "0893-6080",
doi = "10.1016/j.neunet.2012.02.016",
url = "http://www.sciencedirect.com/science/article/pii/S0893608012000457",
author = "J. Stallkamp and M. Schlipsing and J. Salmen and C. Igel",
keywords = "Traffic sign recognition",
keywords = "Machine learning",
keywords = "Convolutional neural networks",
keywords = "Benchmarking"
}

@INPROCEEDINGS{Stallkamp-IJCNN-2011,
    author = "Johannes Stallkamp and Marc Schlipsing and Jan Salmen and Christian Igel",
    booktitle = "IEEE International Joint Conference on Neural Networks",
    title = "The German Traffic Sign Recognition Benchmark: A multi-class classification competition",
    year = "2011",
    pages = "1453--1460"
}

@article{Timofte-MVA-2011,
  author = "Radu Timofte and Karel Zimmermann and Luc Van Gool",
  title = "Multi-view Traffic Sign Detection, Recognition, and 3D Localisation",
  journal = "Machine Vision and Applications",
  year = "2011", 
  doi  = "10.1007/s00138-011-0391-3"
}

@INPROCEEDINGS{Timofte-IJCNN-2013,
    author = "Radu Timofte, Markus Mathias, Rodrigo Benenson, and Luc Van Gool",
    booktitle = "International Joint Conference on Neural Networks (IJCNN)",
    title = "How far are we from the solution?",
    year = "2013",
    month = "August",
    pages = "1453--1460"
}


@article{Ciresan,
title = "Multi-column deep neural network for traffic sign classification",
journal = "Neural Networks from IJCNN 2011",
volume = "32",
number = "C",
pages = "333 - 338",
year = "2012",
issn = "0893-6080",
doi = "https://doi.org/10.1016/j.neunet.2012.02.023",
url = "http://www.sciencedirect.com/science/article/pii/S0893608012000524",
 note="http://www.deeplearningbook.org",
author = "Dan Cireşan and Ueli Meier and Jonathan Masci and Jürgen Schmidhuber",
keywords = "Deep neural networks",
keywords = "Image classification",
keywords = "Traffic signs",
keywords = "Image preprocessing"
}



@misc{cs231n,
  author =   "Andrej Karpathy",
  title =    "Convolutional Neural Networks (CNNs / ConvNets)",
  howpublished = "http://cs231n.github.io/convolutional-networks/",
  journal = "Cs231- Stanford Course",
  year =     "2016",
  note = "[Online; accesado Noviembre 23, 2018]",
}


@misc{Rohrer,
  author =   "Brandon Rohrer",
  title =    "How Convolutional Neural Networks work",
  url = "http://brohrer.github.io/how_convolutional_neural_networks_work",
  journal = "Data Science and Robots Blog",
  year =     "2016",
  month = "August",
  note = "[Online; accesado Octubre 23, 2018]",
}



@article{LeCun,
  author =   "Y. LeCun and L.Botou and Y.Bengio and P.Haffner",
  title =    "Gradient-based learning applied to document recognition ",
  journal = "Proceedings of the IEEE 86",
  year =     "1998",
  volumen = "11",
  DOI = "10.1109/5.726791",
  month = "December"
}


@article{Inception,
  author    = "Christian Szegedy and
               Wei Liu and
               Yangqing Jia and
               Pierre Sermanet and
               Scott E. Reed and
               Dragomir Anguelov and
               Dumitru Erhan and
               Vincent Vanhoucke and
               Andrew Rabinovich",
  title     = "Going Deeper with Convolutions",
  journal   = "CoRR",
  volume    = "abs/1409.4842",
  year      = "2014",
  url       = "http://arxiv.org/abs/1409.4842",
  archivePrefix = "arXiv",
  eprint    = "1409.4842",
  timestamp = "Wed, 07 Jun 2017 14:40:42 +0200",
  biburl    = "http://dblp.org/rec/bib/journals/corr/SzegedyLJSRAEVR14",
  bibsource = "dblp computer science bibliography, http://dblp.org"
}

@book{Goodfellow-et-al-2016,
    title="Deep Learning",
    author="Ian Goodfellow and Yoshua Bengio and Aaron Courville",
    publisher="MIT Press",
    year="2016",
}

@INPROCEEDINGS{Relu,
 author = "Nair, Vinod and Hinton, Geoffrey E.",
 title = "Rectified Linear Units Improve Restricted Boltzmann Machines",
 booktitle = "Proceedings of the 27th International Conference on International Conference on Machine Learning",
 series = "ICML'10",
 year = "2010",
 isbn = "978-1-60558-907-7",
 location = "Haifa, Israel",
 pages = "807--814",
 numpages = "8",
 url = "http://dl.acm.org/citation.cfm?id=3104322.3104425",
 acmid = "3104425",
 publisher = "Omnipress",
 address = "USA"
}

@INPROCEEDINGS{caffe,
 author = "Jia, Yangqing and Shelhamer, Evan and Donahue, Jeff and Karayev, Sergey and Long, Jonathan and Girshick, Ross and Guadarrama, Sergio and Darrell, Trevor",
 title = "Caffe: Convolutional Architecture for Fast Feature Embedding",
 booktitle = "Proceedings of the 22Nd ACM International Conference on Multimedia",
 series = "MM '14",
 year = "2014",
 isbn = "978-1-4503-3063-3",
 location = "Orlando, Florida, USA",
 pages = "675--678",
 numpages = "4",
 url = "http://doi.acm.org/10.1145/2647868.2654889",
 doi = "10.1145/2647868.2654889",
 acmid = "2654889",
 publisher = "ACM",
 address = "New York, NY, USA",
 keywords = "computer vision, machine learning, neural networks, open source, parallel computation"
}

@article{DL_augmentData,
  author    = "Luke Taylor and
               Geoff Nitschke",
  title     = "Improving Deep Learning using Generic Data Augmentation",
  journal   = "CoRR",
  volume    = "abs/1708.06020",
  year      = "2017",
  url       = "http://arxiv.org/abs/1708.06020",
  archivePrefix = "arXiv",
  eprint    = "1708.06020",
  timestamp = "Tue, 05 Sep 2017 10:03:46 +0200",
  biburl    = "https://dblp.org/rec/bib/journals/corr/abs-1708-06020",
  bibsource = "dblp computer science bibliography, https://dblp.org"
}

@incollection{POYNTON2003257,
title = "23 - Gamma",
editor = "Charles Poynton",
booktitle = "Digital Video and HDTV",
publisher = "Morgan Kaufmann",
address = "San Francisco",
pages = "257 - 280",
year = "2003",
series = "The Morgan Kaufmann Series in Computer Graphics",
isbn = "978-1-55860-792-7",
doi = "https://doi.org/10.1016/B978-155860792-7/50089-6",
url = "http://www.sciencedirect.com/science/article/pii/B9781558607927500896",
author = "Charles Poynton"
}


@INPROCEEDINGS{CLAHE,
author="G. Yadav and S. Maheshwari and A. Agarwal",
booktitle="2014 International Conference on Advances in Computing, Communications and Informatics (ICACCI)",
title="Contrast limited adaptive histogram equalization based enhancement for real time video system",
year="2014",
volume="",
number="",
pages="2392-2397",
keywords="image enhancement;real-time systems;video signal processing;contrast limited adaptive histogram equalization;real time video system enhancement;CLAHE;foggy image;foggy video;CLAHE enhancement method;video quality;real time system;AHE;normal histogram equalization;Rayleigh distribution parameter;Histograms;Adaptive equalizers;Streaming media;Real-time systems;Image color analysis;Image edge detection;Meteorology;contrast enhancement;contrast limited adaptive histrogram equalization;adaptive histrogram equalization;cumulation funtion",
doi="10.1109/ICACCI.2014.6968381",
ISSN="",
month="Sept"
}


@misc{Multi_scale_feat,
author="P. Sermanet and Y. LeCun",
booktitle="The 2011 International Joint Conference on Neural Networks",
title="Traffic sign recognition with multi-scale Convolutional Networks",
year="2011",
volume="",
number="",
pages="2809-2813",
keywords="computer vision;image classification;image colour analysis;traffic engineering computing;traffic sign recognition;multiscale convolutional network;traffic sign classification;GTSRB competition;multistage architecture;hierarchy learning;vision approach;hand-crafted features;HOG;SIFT;greyscale images;Image color analysis;Accuracy;Training;Color;Feature extraction;Neural networks;Computer architecture",
doi="10.1109/IJCNN.2011.6033589",
ISSN="2161-4407",
month="July"
}


@article{Adam,
  author    = "Diederik P. Kingma and
               Jimmy Ba",
  title     = "Adam: A Method for Stochastic Optimization",
  journal   = "CoRR",
  volume    = "abs/1412.6980",
  year      = "2015",
  url       = "http://arxiv.org/abs/1412.6980",
  archivePrefix = "arXiv",
  eprint    = "1412.6980",
  timestamp = "Mon, 13 Aug 2018 16:47:35 +0200",
  biburl    = "https://dblp.org/rec/bib/journals/corr/KingmaB14",
  bibsource = "dblp computer science bibliography, https://dblp.org"
}

@MISC{AdamImg,
    author = "Jeremy Jordan",
    title = "Setting the learning rate of your neural network",
    year = "2018",
    month = "March",
    note = "[Online; accesado Noviembre 23, 2018]",
    howpublished = "https://www.jeremyjordan.me/nn-learning-rate"
}

@MISC{gradientimg,
    author = "Niklas Donges",
    title = "Gradient Descent in a Nutshell",
    year = "2018",
    month = "March",
    note = "[Online; accesado Noviembre 23, 2018]",
    howpublished = "https://towardsdatascience.com/gradient-descent-in-a-nutshell-eaf8c18212f0"
}


@article{gradient,
title = "Learning gradients by a gradient descent algorithm",
journal = "Journal of Mathematical Analysis and Applications",
volume = "341",
number = "2",
pages = "1018 - 1027",
year = "2008",
issn = "0022-247X",
doi = "https://doi.org/10.1016/j.jmaa.2007.10.044",
url = "http://www.sciencedirect.com/science/article/pii/S0022247X07012589",
author = "Xuemei Dong and Ding-Xuan Zhou",
keywords = "Learning algorithm, Stochastic gradient descent, Variable selection, Reproducing kernel Hilbert space, Error analysis"
}

@book{crossMSE,
author = "Golik, Pavel and Doetsch, Patrick and Ney, Hermann",
year = "2013",
month = "08",
pages = "1756-1760",
title = "Cross-Entropy vs. Squared Error Training: a Theoretical and Experimental Comparison",
booktitle = "Proceedings of the Annual Conference of the International Speech Communication Association, INTERSPEECH"
}


@article{AulaDNN, 
 place="Sao Paulo",
 title="SCC0270/SCC5809 - Redes Neurais - Deep Learning", 
 publisher="ICMC - USP",
 journal =  "ICMC - USP",
 author="Romero, Roseli Francelin", 
 year="2015"
 }

@article{AulaMLP, 
place="Sao Paulo",
 title="SCC0270/SCC5809 - Redes Neurais - MultiLayer Perceptron", 
 publisher="ICMC - USP", 
 journal =  "ICMC - USP",
 author="Romero, Roseli Francelin", 
 year="2015"
 }

 @book{Bishop,
 author = "Bishop, Christopher M.",
 title = "Pattern Recognition and Machine Learning (Information Science and Statistics)",
 year = "2006",
 isbn = "0387310738",
 publisher = "Springer-Verlag",
 address = "Berlin, Heidelberg",
}


@article{moore2001cross,
  title="Cross-validation for detecting and preventing overfitting",
  author="Moore, Andrew W",
  journal="School of Computer Science Carneigie Mellon University",
  year="2001"
}

@article{SandovalCereza, 
author = "S. Zulma and P. Flavio", 
title = "Procesamiento de imágenes para la clasificación de café cerez", 
year = "2009", 
journal = "PROSPECTIVA", 
volume = "7", 
pages = "67-73" 
} 

@MISC{Davis-2006-RPR-1143844-1143874,
 author = {Davis, Jesse and Goadrich, Mark},
 title = {The Relationship Between Precision-Recall and ROC Curves},
 booktitle = {Proceedings of the 23rd International Conference on Machine Learning},
 series = {ICML '06},
 year = {2006},
 isbn = {1-59593-383-2},
 location = {Pittsburgh, Pennsylvania, USA},
 pages = {233--240},
 numpages = {8},
 url = {http://doi.acm.org/10.1145/1143844.1143874},
 doi = {10.1145/1143844.1143874},
 acmid = {1143874},
 publisher = {ACM},
 address = {New York, NY, USA},
} 

@MISC{CookJ,
  author =   "Cook,Jhon D.",
  title =    "Three algorithms for converting color to grayscale",
  howpublished = "https://www.johndcook.com/blog/2009/08/24/algorithms-convert-color-grayscale",
  note = "[Online; accesado Julio 05, 2018]",
  year =     "2009",
  month = "august"
}


@inproceedings{ExtremeLearning,
author = {Zeng, Yujun and Xu, Xin and Fang, Yuqiang and Zhao, Kun},
year = {2015},
month = {06},
pages = {272-280},
title = {Traffic Sign Recognition Using Deep Convolutional Networks and Extreme Learning Machine},
volume = {9242},
isbn = {978-3-319-23987-3},
doi = {10.1007/978-3-319-23989-7_28}
}

@article{recentCNN,
  author    = {Jiuxiang Gu and
               Zhenhua Wang and
               Jason Kuen and
               Lianyang Ma and
               Amir Shahroudy and
               Bing Shuai and
               Ting Liu and
               Xingxing Wang and
               Gang Wang},
  title     = {Recent Advances in Convolutional Neural Networks},
  journal   = {CoRR},
  volume    = {abs/1512.07108},
  year      = {2015},
  url       = {http://arxiv.org/abs/1512.07108},
  archivePrefix = {arXiv},
  eprint    = {1512.07108},
  timestamp = {Mon, 13 Aug 2018 16:49:11 +0200},
  biburl    = {https://dblp.org/rec/bib/journals/corr/GuWKMSSLWW15},
  bibsource = {dblp computer science bibliography, https://dblp.org}
}


@MISC{Adil,
  author =   "Adil Moujahid",
  title =    "A Practical Introduction to Deep Learning with Caffe and Python",
  howpublished = "http://adilmoujahid.com/posts/2016/06/introduction-deep-learning-python-caffe/",
  note = "[Online; accesado Agosto 12, 2018]",
  year =     "2016",
  month = "august"
}

@MISC{Imad,
  author =   "Imad Dabbura",
  title =    "Gradient Descent Algorithm and Its Variants",
  howpublished = "https://towardsdatascience.com/gradient-descent-algorithm-and-its-variants-10f652806a3",
  note = "[Online; accesado Octubre 3, 2018]",
  year =     "2017",
  month = "December"
}